@Article{Picasso2016,
  author   = {Bruno Picasso and Xinglong Zhang and Riccardo Scattolini},
  title    = {Hierarchical Model Predictive Control of independent systems with joint constraints},
  journal  = {Automatica},
  year     = {2016},
  volume   = {74},
  number   = {Supplement C},
  pages    = {99 - 106},
  doi      = {https://doi.org/10.1016/j.automatica.2016.07.030},
  issn     = {0005-1098},
  keywords = {Hierarchical control, Model predictive control, Model reduction},
}

@Article{Limon2008,
  author   = {D. Limon and I. Alvarado and T. Alamo and E.F. Camacho},
  title    = {{MPC} for tracking piecewise constant references for constrained linear systems},
  journal  = {Automatica},
  year     = {2008},
  volume   = {44},
  number   = {9},
  pages    = {2382 - 2387},
  doi      = {https://doi.org/10.1016/j.automatica.2008.01.023},
  issn     = {0005-1098},
  keywords = {Model predictive control, State and input constraints, Steady-state tracking},
}

@Article{Betti2013,
  author  = {G. Betti and M. Farina and R. Scattolini},
  title   = {A Robust {MPC} Algorithm for Offset-Free Tracking of Constant Reference Signals},
  doi     = {10.1109/TAC.2013.2254011},
  issn    = {0018-9286},
  number  = {9},
  pages   = {2394-2400},
  volume  = {58},
  journal = {IEEE Transactions on Automatic Control},
  year    = {2013},
}

@Article{math11020465,
  author         = {Stenger, David and Ritschel, Robert and Krabbes, Felix and Voßwinkel, Rick and Richter, Hendrik},
  title          = {What Is the Best Way to Optimally Parameterize the MPC Cost Function for Vehicle Guidance?},
  doi            = {10.3390/math11020465},
  issn           = {2227-7390},
  number         = {2},
  url            = {https://www.mdpi.com/2227-7390/11/2/465},
  volume         = {11},
  article-number = {465},
  journal        = {Mathematics},
  year           = {2023},
}

@Article{ritschel2019,
  author   = {Robert Ritschel and Frank Schrödel and Juliane Hädrich and Jens Jäkel},
  title    = {Nonlinear Model Predictive Path-Following Control for Highly Automated Driving},
  doi      = {https://doi.org/10.1016/j.ifacol.2019.08.112},
  issn     = {2405-8963},
  note     = {10th IFAC Symposium on Intelligent Autonomous Vehicles IAV 2019},
  number   = {8},
  pages    = {350-355},
  url      = {https://www.sciencedirect.com/science/article/pii/S240589631930446X},
  volume   = {52},
  journal  = {IFAC-PapersOnLine},
  keywords = {autonomous vehicles, constraints, dynamic modelling, nonlinear model predictive control, optimal control, path following, real-time control, vehicle dynamics},
  year     = {2019},
}

@Comment{jabref-meta: databaseType:biblatex;}
